@Article{Sorensen_2017,
author = {Florian Arnold and Kenneth Sörensen},
title = {A simple, deterministic and efficient knowledge-driven heuristic for the vehicle routing problem},
journal = {Operations Research},
year = {2017},
month = {December},
}


@Article{Altinel_2005,
author = {IK. Altinel and T. Öncan},
title = {A new enhancement of the Clarke and Wright savings heuristic for the capacitated vehicle routing problem},
journal = {Journal of the Operational Research Society},
year = {2005},
}

