@Article{Yellow,
author = {P. Yellow},
title = {A computational modification to the savings method of vehicle scheduling},
journal = {Operational Research Quarterly},
year = {1970},
volume = {21},
pages = {281-283},
}


@Article{Gaskell,
author = {T. J. GASKELL},
title = {Bases for Vehicle Fleet Scheduling},
journal = {Operational Research Quarterly},
year = {1967},
volume = {18},
pages = {281-295},
month = {September},
}

@Article{Paessens,
author = {H. Paessens},
title = {The savings algorithm for the vehicle routing problem},
journal = {European Journal of Operational Research},
year = {1988},
volume = {34},
pages = {336-344},
month = {March},
}

@Book{Martello,
author = {Silvano Martello and Paolo Toth},
title = {Knapsack problems: algorithms and computer implementations},
publisher = {John Wiley and Sons},
year = {1990},
address = {New York, USA},
}

@PhdThesis{ME_2012,
author = {Marie-Eleonore Marmion},
title = {Recherche locale et optimisation combinatoire : de
l’analyse structurelle d’un problème à la conception
d’algorithmes efficaces},
school = {Université des
Sciences et Technologie de Lille - Lille I, 2011},
year = {2012},
month = {Mars},
}

@Book{Papadimitriou_1982,
author = {C. H. Papadimitriou and K. Steiglitz.},
editor = {Prentice-Hall, Inc.},
title = {Combinatorial optimization : algorithms
and complexity},
publisher = {Dover Publications},
year = {1982},
address = {Upper Saddle River, NJ, USA},
}

@Misc{synthese,
author = {Sahbi Ben Ismail, François Legras and Gilles Coppin},
title = {Synthèse du problème de routage de véhicules},
howpublished = {\url{https://portail.telecom-bretagne.eu/publi/public/fic_download.jsp?id=5745}},
year = {2011},
}


@Misc{cvrp_pres,
title = {Le Probleme de tournees de vehicules : etude et resolution approchee},
howpublished = {[Rapportde recherche] RR-2197, INRIA.},
year = {1994},
}


@Article{CW_1964,
author = {G. Clarke and J. W. Wright},
title = {Scheduling of Vehicles from a Central Depot to a Number of Delivery Points},
journal = {Operations Research},
year = {1964},
}



@online{cvrplib,
author = {Ivan Xavier},
title = {CVRPLIB},
year = {2014},
howpublished={\url{http://vrp.atd-lab.inf.puc-rio.br/index.php/en/}},
}

@Article{Sorensen_2017,
author = {Florian Arnold and Kenneth Sörensen},
title = {A simple, deterministic and efficient knowledge-driven heuristic for the vehicle routing problem},
journal = {Transportation Science},
year = {2017},
month = {December},
}


@Article{Altinel_2005,
author = {IK. Altinel and T. Öncan},
title = {A new enhancement of the Clarke and Wright savings heuristic for the capacitated vehicle routing problem},
journal = {Journal of the Operational Research Society},
year = {2005},
}

